@book{Pupius(2015), 
    title = {SFML Game Development By Example}, 
    author = {Raimondas Pupius}, 
    isbn = {978-1-78528-734-3}, 
    year = {2015},
    publisher = {Packt Publishing Ltd},
    keywords = {SFML}
}

@book{Barbier(2015), 
    title = {SFML Blueprints}, 
    author = {Maxime Barbier}, 
    isbn = {978-1-78439-847-7}, 
    year = {2015},
    publisher = {Packt Publishing Ltd},
    keywords = {SFML}
}

@book{Shekar(2019), 
    title = {C++ Game Development By Example}, 
    author = {Siddharth Shekar}, 
    isbn = {978-1-78953-530-3}, 
    year = {2019},
    publisher = {Packt Publishing Ltd},
    keywords = {SFML,cpp_game_development}
}

@misc{sonarsystems_2017_flappy,
  author = {Sonar Systems},
  month = {09},
  title = {Flappy Bird SFML Tutorial Series - YouTube},
  url = {https://www.youtube.com/playlist?list=PLRtjMdoYXLf7DB3--POF9lYzaZu0poT5V},
  urldate = {2020-12-16},
  year = {2017},
  organization = {Youtube}
}

@misc{geeksforgeeks_2020_features,
  author = {GeeksforGeeks},
  month = {09},
  title = {Features of C++},
  url = {https://www.geeksforgeeks.org/features-of-c},
  urldate = {2020-12-16},
  year = {2020},
  organization = {GeeksforGeeks}
}

@misc{smart_pointers_geeksforgeeks,
  author = {GeeksforGeeks},
  month = {06},
  title = {Introduction of Smart Pointers in C++ and It's Types},
  url = {https://www.geeksforgeeks.org/smart-pointers-cpp/},
  urldate = {2020-12-16},
  year = {2014},
  organization = {GeeksforGeeks}
}

@misc{smart_pointers_cppref,
  title = {Smart Pointers - cppreference.com},
  url = {https://en.cppreference.com/book/intro/smart_pointers},
  urldate = {2020-12-16},
  organization = {en.cppreference.com}
}

@misc{smart_pointers_wikipedia,
  month = {10},
  title = {Smart pointer},
  url = {https://en.wikipedia.org/wiki/Smart_pointer},
  urldate = {2020-12-16},
  year = {2020},
  organization = {Wikipedia}
}